<collection xmlns="http://www.loc.gov/MARC21/slim">
<record>
  <leader>01093nam0a22002171i 450 </leader>
  <controlfield tag="001">IT\ICCU\CNCE\075153</controlfield>
  <controlfield tag="005">20180808000000.0</controlfield>
  <datafield tag="012" ind1=" " ind2=" ">
    <subfield code="a">eiei tata teto teto (C) 1517 (A)</subfield>
    <subfield code="2">fei</subfield>
  </datafield>
  <datafield tag="100" ind1=" " ind2=" ">
    <subfield code="a">20100330d1517        0itac0103    ba</subfield>
  </datafield>
  <datafield tag="101" ind1=" " ind2=" ">
    <subfield code="a">ITA</subfield>
  </datafield>
  <datafield tag="102" ind1=" " ind2=" ">
    <subfield code="a">IT</subfield>
  </datafield>
  <datafield tag="200" ind1="1" ind2=" ">
    <subfield code="a">℗El ℗contrasto di Carneuale et de la Quaresima, nouamente stampata &amp; diligentemente corretta: con uno klendario \!! nouo elqual insegna a quanti di uiene tutte le feste mobile &amp; dura insino a lanno MDXXIX</subfield>
  </datafield>
  <datafield tag="210" ind1=" " ind2=" ">
    <subfield code="e">Stampata in Roma</subfield>
    <subfield code="g">ad instantia de maistro Gioanni de li Carminati da Lodi</subfield>
    <subfield code="h">adi 18 zugno 1517</subfield>
  </datafield>
  <datafield tag="215" ind1=" " ind2=" ">
    <subfield code="a">\6! c.</subfield>
    <subfield code="d">4ʻ</subfield>
  </datafield>
  <datafield tag="620" ind1=" " ind2=" ">
    <subfield code="a">IT</subfield>
    <subfield code="d">Roma</subfield>
  </datafield>
  <datafield tag="712" ind1="0" ind2="0">
    <subfield code="a">Carminate, Giovanni Battista</subfield>
    <subfield code="3">IT\ICCU\CNCT\001469</subfield>
    <subfield code="4">650</subfield>
  </datafield>
  <datafield tag="791" ind1="0" ind2="0">
    <subfield code="a">Carminatis, Ioannes Baptista de</subfield>
    <subfield code="3">IT\ICCU\CNCT\003661</subfield>
    <subfield code="z">Carminate, Giovanni Battista</subfield>
  </datafield>
  <datafield tag="791" ind1="0" ind2="0">
    <subfield code="a">Carminati, Ioanne Baptista de li</subfield>
    <subfield code="3">IT\ICCU\CNCT\004456</subfield>
    <subfield code="z">Carminate, Giovanni Battista</subfield>
  </datafield>
  <datafield tag="791" ind1="0" ind2="0">
    <subfield code="a">Criminate, Ioannes de</subfield>
    <subfield code="3">IT\ICCU\CNCT\006099</subfield>
    <subfield code="z">Carminate, Giovanni Battista</subfield>
  </datafield>
  <datafield tag="801" ind1=" " ind2="3">
    <subfield code="a">IT</subfield>
    <subfield code="b">ICCU</subfield>
    <subfield code="c">20201115</subfield>
  </datafield>
  <datafield tag="899" ind1=" " ind2=" ">
    <subfield code="a">Biblioteca estera - Bayerische StaatsBibliothek. Muenchen</subfield>
    <subfield code="1">AA0008</subfield>
  </datafield>
</record>
</collection>
